<record><leader>00000cas a22000007a 4500</leader><controlfield tag="001">11277399</controlfield><controlfield tag="008">841017d184718uunmuwr ne      0    0eng  </controlfield><datafield ind1=" " ind2=" " tag="010"><subfield code="a">sn 84020635 </subfield></datafield><datafield ind1=" " ind2=" " tag="040"><subfield code="a">DLC</subfield><subfield code="b">eng</subfield><subfield code="c">DLC</subfield><subfield code="d">PPM</subfield><subfield code="d">OCL</subfield><subfield code="d">NJW</subfield><subfield code="d">ANU</subfield><subfield code="d">NVM</subfield><subfield code="d">CNK</subfield><subfield code="d">NVM</subfield><subfield code="d">DLC</subfield><subfield code="d">OCL</subfield><subfield code="d">OCLCQ</subfield><subfield code="d">DLC</subfield><subfield code="d">OCLCQ</subfield><subfield code="d">OCLCO</subfield><subfield code="d">OCLCF</subfield><subfield code="d">OCLCO</subfield></datafield><datafield ind1=" " ind2=" " tag="012"><subfield code="b">3</subfield></datafield><datafield ind1=" " ind2=" " tag="019"><subfield code="a">15307008</subfield></datafield><datafield ind1="1" ind2=" " tag="029"><subfield code="a">AU@</subfield><subfield code="b">000026222363</subfield></datafield><datafield ind1="0" ind2=" " tag="041"><subfield code="a">engspa</subfield></datafield><datafield ind1=" " ind2=" " tag="042"><subfield code="a">msc</subfield></datafield><datafield ind1=" " ind2=" " tag="043"><subfield code="a">n-us-nm</subfield></datafield><datafield ind1="0" ind2="0" tag="050"><subfield code="a">Newspaper</subfield></datafield><datafield ind1="0" ind2=" " tag="130"><subfield code="a">Santa Fe republican (Santa Fe, N.M. : 1847)</subfield></datafield><datafield ind1="1" ind2="0" tag="245"><subfield code="a">Santa Fe republican.</subfield></datafield><datafield ind1="3" ind2="0" tag="246"><subfield code="a">Republicano</subfield></datafield><datafield ind1=" " ind2=" " tag="260"><subfield code="a">Santa Fe, N.M. :</subfield><subfield code="b">Edward T. Davies</subfield></datafield><datafield ind1=" " ind2=" " tag="300"><subfield code="a">v.</subfield></datafield><datafield ind1=" " ind2=" " tag="310"><subfield code="a">Weekly,</subfield><subfield code="b">Aug. 1-&lt;30&gt;, 1848</subfield></datafield><datafield ind1=" " ind2=" " tag="321"><subfield code="a">Weekly,</subfield><subfield code="b">Sept. 10, 1847-&lt;Apr. 2, 1848&gt;</subfield></datafield><datafield ind1=" " ind2=" " tag="321"><subfield code="a">Three times a month,</subfield><subfield code="b">&lt;May 3&gt;-July 24, 1848</subfield></datafield><datafield ind1="0" ind2=" " tag="362"><subfield code="a">Vol. 1, no. 1 (Sept. 10, 1847)-</subfield></datafield><datafield ind1=" " ind2=" " tag="500"><subfield code="a">Spanish section is called: Republicano.</subfield></datafield><datafield ind1=" " ind2=" " tag="515"><subfield code="a">Issue dated Jan. 1, 1847 may be Jan. 1, 1848.</subfield></datafield><datafield ind1=" " ind2=" " tag="546"><subfield code="a">In English and Spanish.</subfield></datafield><datafield ind1=" " ind2="0" tag="651"><subfield code="a">Santa Fe (N.M.)</subfield><subfield code="v">Newspapers.</subfield></datafield><datafield ind1=" " ind2="0" tag="651"><subfield code="a">Santa Fe County (N.M.)</subfield><subfield code="v">Newspapers.</subfield></datafield><datafield ind1=" " ind2="0" tag="650"><subfield code="a">Hispanic Americans</subfield><subfield code="z">New Mexico</subfield><subfield code="v">Newspapers.</subfield></datafield><datafield ind1=" " ind2="7" tag="655"><subfield code="a">Newspapers.</subfield><subfield code="2">fast</subfield><subfield code="0">(OCoLC)fst01423814</subfield></datafield><datafield ind1=" " ind2="7" tag="650"><subfield code="a">Hispanic Americans.</subfield><subfield code="2">fast</subfield><subfield code="0">(OCoLC)fst00957523</subfield></datafield><datafield ind1=" " ind2="7" tag="651"><subfield code="a">New Mexico.</subfield><subfield code="2">fast</subfield><subfield code="0">(OCoLC)fst01204269</subfield></datafield><datafield ind1=" " ind2="7" tag="651"><subfield code="a">New Mexico</subfield><subfield code="z">Santa Fe.</subfield><subfield code="2">fast</subfield><subfield code="0">(OCoLC)fst01205208</subfield></datafield><datafield ind1=" " ind2="7" tag="651"><subfield code="a">New Mexico</subfield><subfield code="z">Santa Fe County.</subfield><subfield code="2">fast</subfield><subfield code="0">(OCoLC)fst01216898</subfield></datafield><datafield ind1=" " ind2=" " tag="752"><subfield code="a">United States</subfield><subfield code="b">New Mexico</subfield><subfield code="c">Santa Fe</subfield><subfield code="d">Santa Fe.</subfield></datafield></record>